@book{realworldhttp,
    title = {Real World HTTP 歴史とコードに学ぶインターネットとウェブ技術},
    edition = {第2版},
    year = {2020},
    author = {渋川よしき},
    publisher = {オライリー・ジャパン},
}


@inproceedings{kawai2011sns,
	title={SNS 依存と SNS 利用実態とその影響},
	author={河井大介 and 天野美穂子 and 小笠原盛浩 and 橋元良明 and 小室広佐子 and 大野志郎 and 堀川裕介},
	booktitle={日本社会情報学会全国大会研究発表論文集 日本社会情報学会 第 26 回全国大会},
	pages={265--270},
	year={2011},
	organization={日本社会情報学会}
}



@article{wu2015risk,
  title={Risk factors of internet addiction among internet users: an online questionnaire survey},
  author={Wu, Chia-Yi and Lee, Ming-Been and Liao, Shih-Cheng and Chang, Li-Ren},
  journal={PloS one},
  volume={10},
  number={10},
  pages={e0137506},
  year={2015},
  publisher={Public Library of Science}
}



@article{griffiths2005,
  author = {Mark Griffiths},
  title = {A ‘components’ model of addiction within a biopsychosocial framework},
  journal = {Journal of Substance Use},
  volume = {10},
  number = {4},
  pages = {191-197},
  year  = {2005},
  publisher = {Taylor & Francis},
  doi = {10.1080/14659890500114359},
  URL = {
    [https://doi.org/10.1080/14659890500114359 (https://doi.org/10.1080/14659890500114359)

  },
  eprint = {
  [https://doi.org/10.1080/14659890500114359](https://doi.org/10.1080/14659890500114359)

  }
}



@article{internetaddiction,
author="エルサルヒ・ムハンマド and 村松太郎 and 樋口進 and 三村將",
title="インターネット依存の概念と治療 (特集 アディクション : 行動の嗜癖)",
journal="Brain and nerve",
ISSN="1881-6096 (v. 59, no. 1-)",
publisher="医学書院",
year="2016",
month="oct",
volume="68",
number="10",
pages="1159-1166",
URL="https://ci.nii.ac.jp/naid/40020973164/",
DOI="",
}
